<?xml version="1.0" encoding="UTF-8"?><collection xmlns="http://www.loc.gov/MARC21/slim"><record><leader>00691nam--2200229-u-4500</leader><controlfield tag="001">000050920</controlfield><controlfield tag="002">20161230</controlfield><controlfield tag="005">20161230201048</controlfield><controlfield tag="008">080422s1000------------r-----000-0-eng-d</controlfield><datafield ind1=" " ind2=" " tag="020"><subfield code="a">3-7908-1242-0</subfield></datafield><datafield ind1=" " ind2=" " tag="040"><subfield code="a">IFIN-HH</subfield></datafield><datafield ind1=" " ind2=" " tag="080"><subfield code="a">519.72:519.8</subfield></datafield><datafield ind1="1" ind2=" " tag="100"><subfield code="a">Klir, George J.; Wierman, Mark J</subfield></datafield><datafield ind1="1" ind2="0" tag="245"><subfield code="a">Uncertainty-Based Information Elements of Generalized Information Theory</subfield></datafield><datafield ind1=" " ind2=" " tag="250"><subfield code="a">Second Corrected Edition</subfield></datafield><datafield ind1=" " ind2=" " tag="260"><subfield code="a">Heidelberg</subfield><subfield code="b">Physica - Verlag</subfield><subfield code="c">1999</subfield></datafield><datafield ind1=" " ind2=" " tag="300"><subfield code="a">168 p</subfield></datafield><datafield ind1=" " ind2=" " tag="490"><subfield code="a">Studies in Fuzziness and Soft Computing</subfield></datafield><datafield ind1=" " ind2="4" tag="650"><subfield code="a">Information Theory</subfield></datafield><datafield ind1="1" ind2=" " tag="700"><subfield code="a">George J. Klir; Wierman Mark J</subfield></datafield><datafield ind1=" " ind2=" " tag="852"><subfield code="a">82022</subfield><subfield code="c">621.391</subfield></datafield><datafield ind1=" " ind2=" " tag="CAT"><subfield code="a">Sys</subfield><subfield code="c">20081113</subfield><subfield code="h">083040</subfield></datafield></record></collection>